2374 3992
1161 428 1168 467 ι

205 514 351 579 contrita
375 516 405 597 ⁸)
425 535 466 579 ex
478 517 558 579 vino
573 514 713 581 infunde
731 534 794 599 per
810 514 963 581 cornum.
1005 519 1079 583 Bos
1104 521 1137 584 si

208 627 376 702 aegrotat,
397 622 541 683 muriam
559 621 749 683 salsamenti
769 606 929 705 optimam
950 631 985 686 et
1004 623 1141 685 malum

208 728 321 784 terrae
341 744 447 806 aquae
467 733 550 790 sext.
572 725 657 786 aceti
673 722 727 784 sil.
748 729 829 784 ruta
842 728 1009 788 couterito
1032 735 1070 788 et
1090 726 1144 788 la-

209 820 279 884 bris
300 829 493 905 perfricato.
541 826 608 890 Vel
634 824 782 888 radicem
808 823 946 889 herbam
973 846 1146 909 persona-

210 926 280 989 ciae
305 929 336 1006 ⁶)
353 932 524 992 'conterito
546 938 580 992 et
599 929 711 1013 primo
732 926 788 989 die
809 926 886 990 dato
907 950 985 994 unc.
1022 930 1050 996 Ι.
1074 932 1147 994 Vi-
1177 990 1178 993 ,

211 1032 314 1112 nique
333 1040 414 1095 sext.
437 1032 464 1098 1.
486 1042 520 1111 et
542 1051 659 1115 aquae.
701 1029 767 1093 Bos
788 1033 818 1092 si
844 1042 1015 1118 aegrotat,
1043 1036 1146 1116 junci
1177 1120 1178 1123 Ἴ

211 1132 358 1198 radicem
379 1135 546 1225 decoquas
567 1146 603 1198 et
622 1154 683 1219 per
704 1153 846 1196 coruum
874 1135 979 1201 dabis.
1021 1136 1090 1200 Bos
1115 1141 1148 1202 si

211 1239 330 1302 tussiat
349 1249 408 1302 aut
434 1243 464 1302 si
490 1232 690 1319 suspiravit,
721 1244 834 1297 terrae
863 1230 1007 1319 malum,
1035 1260 1146 1303 ouum

212 1339 355 1425 crudum
391 1350 426 1403 et
457 1339 591 1421 adipem
623 1337 778 1416 suillum,
810 1346 845 1401 et
877 1320 996 1404 vinum
1029 1354 1149 1424 vetus,

213 1438 345 1529 adipem
371 1451 483 1506 tamen
510 1436 605 1525 prius
634 1439 826 1519 liquefacito
847 1449 882 1501 et
902 1436 998 1522 dat03
1028 1448 1147 1528 juvat,

213 1545 269 1607 vel
290 1547 498 1608 marrubium
520 1564 595 1607 cum
617 1543 698 1605 vino
720 1538 831 1605 datur.
866 1530 914 1606 Si
935 1546 995 1625 bos
1018 1548 1150 1611 collum

215 1647 428 1728 subtorserit,
444 1647 543 1712 ebulo
559 1645 707 1709 contrito
720 1648 957 1750 perunguitur,
968 1657 1106 1732 soepe¹
1119 1654 1152 1731 ⁰)

215 1752 271 1815 rel
298 1751 476 1817 medullam
510 1752 663 1829 taurina,
698 1749 794 1853 prius
826 1757 936 1815 tamen
965 1756 1152 1839 axungiam

215 1857 410 1937 perfricato
452 1854 521 1920 Si
510 1875 548 1916 ιιι
565 1851 690 1915 collum
706 1868 802 1912 nervi
794 1842 1067 1936 laboraverint,
1091 1879 1150 1921 su-

216 1956 301 2023 mito
324 1959 484 2019 corticem
505 1974 627 2017 novam
632 1934 690 2015 de
711 1932 855 2035 subero,
870 1948 1083 2045 comburito,
1106 1970 1148 2022 ut
1170 1900 1178 2023 l

219 2058 380 2147 carbones
395 2060 478 2120 fiant
494 2066 528 2119 et
547 2059 649 2118 terito
667 2072 709 2115 ex
725 2057 806 2116 vino
820 2052 933 2125 veteri
949 2070 982 2121 et
997 2064 1146 2146 axungia

216 2136 301 2227 bene
317 2138 407 2220 inter
422 2179 458 2221 se
475 2159 654 2222 commixto
670 2162 704 2213 et
718 2152 919 2238 perfricato,
936 2163 995 2222 ei¹
1005 2160 1034 2242 ¹)
1055 2163 1145 2225 collo

217 2261 280 2357 pili
306 2263 437 2347 saepius
464 2259 625 2322 defluunt
671 2253 764 2316 ulmi
792 2258 967 2325 vernaculi
997 2258 1145 2327 radicem

219 2385 261 2429 ex
281 2367 363 2430 rino
385 2364 620 2458 decoquitur¹
630 2363 661 2440 ⁰)
683 2356 725 2420 ad
742 2355 909 2467 tertias,
898 2373 931 2427 et
952 2385 1047 2453 eum,
1069 2362 1146 2431 cum
1170 2407 1178 2437 ι

220 2486 306 2550 opus
327 2488 395 2530 uon
417 2468 529 2545 faciet,
550 2468 681 2548 saepius
704 2436 921 2552 perunguito,
939 2468 993 2537 vel
1015 2467 1146 2566 adipem

107 2594 111 2611 ι
218 2572 367 2633 ursinam
400 2568 454 2631 vel
482 2562 660 2629 medullam
690 2572 879 2646 taurinam,
909 2572 1004 2651 prius
1035 2579 1147 2635 tamen

220 2675 365 2759 axungia
394 2673 586 2753 perfricato.
637 2671 674 2734 Si
697 2673 776 2734 bovi
796 2662 954 2734 intestina
974 2670 1146 2753 dolebunt,
1177 2702 1178 2753 ι

224 2780 347 2843 sumito
366 2777 439 2837 vini
454 2782 536 2837 sext.
559 2773 620 2838 ΙΙΙ.
644 2784 676 2837 et
693 2775 758 2836 olei
777 2777 876 2840 emin.
899 2784 932 2838 et
945 2775 1147 2858 permixtum

226 2898 288 2961 per
309 2897 451 2939 cornum
473 2887 506 2937 et
528 2887 624 2940 curat
646 2878 896 2943 remediabitur.
941 2878 1024 2939 Item
1046 2872 1145 2943 aliud.
1176 2862 1178 2893 ⁴

229 2990 479 3004 Μ·-

276 3047 307 3110 8)
325 3046 491 3101 contritam.

276 3118 307 3181 9)
324 3128 514 3185 personatam.
550 3122 701 3177 Colurnell.
719 3122 769 3174 Vl.
791 3131 831 3181 17·
851 3132 875 3172 1.

263 3186 307 3237 rol
324 3198 432 3252 sepum.

265 3253 310 3313 u)
326 3252 359 3304 si.

264 3319 488 3393 12)dacoquito.
512 3334 517 3343 “
