2374 3992
570 372 809 426 -tv-
1169 338 1174 427 Ι

225 565 416 656 seribere,
447 557 561 652 illud,
598 554 696 652 quod
721 524 806 632 aliis
831 554 943 632 Poeta
974 556 1147 653 reliquit,
1172 494 1174 605 i

225 686 447 792 Gargilium
465 679 683 758 Martialem
710 693 793 779 post
817 678 892 755 tria
912 680 1062 757 saecula
1080 681 1148 755 de-

226 836 338 890 mum
360 820 565 885 executum
593 825 690 878 esse.-

301 988 464 1090 Scripsit
502 989 532 1065 1.
569 983 828 1065 historiam
861 987 1142 1093 Augustam,

227 1131 320 1193 testa
346 1110 572 1212 Lampridio
598 1111 639 1183 in
663 1108 879 1187 Alexandro
917 1092 1075 1202 Severo,
1103 1127 1143 1189 et
1173 1164 1174 1193 ,

226 1236 389 1337 Vopiseo
426 1232 469 1310 in
513 1230 653 1324 Probo,
696 1232 761 1327 qui
793 1232 839 1307 ad
880 1256 968 1307 eum
1008 1258 1142 1331 provo·
1173 1221 1174 1239 ¹

226 1373 334 1453 eant3
359 1357 407 1430 ΙΙ.
433 1355 485 1431 de
509 1353 663 1429 hortis
671 1405 685 1447 ,
717 1367 812 1427 teste
840 1348 1143 1432 Cassiodorolli-
1173 1388 1174 1393 ¹

225 1480 303 1558 vin.
336 1478 423 1554 leot.
458 1500 538 1575 cap.
573 1482 634 1553 28.
671 1474 735 1571 qui
767 1473 839 1548 hon
865 1476 991 1575 ipsum
1018 1479 1143 1581 elogio

227 1616 391 1695 mactat:
417 1596 584 1698 „Quodsi
608 1599 720 1697 hujus
752 1594 866 1673 studii
897 1599 1145 1695 requirantur

227 1741 418 1820 austeres,
429 1786 432 1795 .
445 1724 490 1800 de
500 1710 620 1798 hortis
630 1716 781 1821 scripsit
793 1706 1029 1820 pulcherimis
1044 1720 1154 1823 Gar·¹

227 1851 340 1954 gilius
352 1844 561 1941 Martialis,
587 1843 651 1942 qui
671 1858 710 1919 et
724 1843 961 1953 nutrimenta
979 1836 1144 1939 olerum,

226 1985 265 2047 et
289 1969 450 2046 virtutes
474 1990 609 2042 eorum
644 1965 846 2067 diligenter
877 1967 1065 2067 exposuit,
1100 1982 1142 2044 ut

227 2118 275 2170 ex
299 2089 402 2168 illius
427 2085 701 2166 commentarii
725 2087 899 2180 lectione,
926 2105 1141 2186 praestante

225 2212 414 2306 Domino,
440 2204 693 2315 unusquisque
715 2221 752 2282 et
773 2208 938 2284 saturari
961 2210 1086 2288 valeat
1105 2227 1142 2288 et

226 2337 398 2417 sanari.“
445 2330 572 2410 Testis
598 2343 636 2407 et
661 2329 817 2408 Servius
841 2331 913 2408 loa.
965 2335 1140 2437 allegato,

224 2477 310 2541 tum
344 2457 543 2557 imprimis
576 2453 784 2546 Palladius,
819 2452 884 2550 qui
917 2452 1139 2558 Gargilium

225 2584 271 2663 da
295 2582 384 2675 ficu,
410 2602 555 2671 ceraso,
582 2575 813 2679 amygdalis,
839 2577 1017 2672 nucibus,
1043 2577 1140 2655 citro

226 2721 264 2782 et
280 2703 366 2782 aliis
382 2697 601 2798 hujusmodi
619 2698 807 2779 fructibus
831 2715 1009 2805 agentem
1036 2701 1139 2776 citat.
1172 2784 1173 2795 χ

301 2881 470 2961 Tandem
489 2882 534 2958 de
547 2908 591 2958 re
603 2882 838 2991 veterinaria
851 2884 929 2960 sire
947 2876 1139 2956 medicina

226 3004 455 3083 animalium
491 3004 705 3106 scripsisse,
743 3031 791 3083 ex
826 3002 990 3102 antiquis
1024 3026 1139 3077 nemo
1171 3078 1172 3111 q

225 3128 400 3227 equidem
435 3144 648 3223 memorat,
699 3129 964 3234 fragmentum
1007 3126 1172 3201 tamenl

225 3248 378 3330 (lurae
419 3249 557 3328 bourn
596 3267 782 3350 superstes
821 3262 992 3327 testatur.
1043 3247 1172 3337 Illud,

223 3374 357 3452 habuit
397 3372 460 3453 do.
509 3372 738 3471 Rhodius,
780 3373 964 3473 'illiusque
1010 3368 1143 3447 edendi
