2374 3992
394 315 444 331 ...
495 230 669 358 334.

11 356 15 395 t

38 489 226 558 mentam,
249 479 376 559 oleum,
403 481 499 544 mitte
518 483 554 542 in
582 482 680 545 ollam
702 489 885 574 integram,
906 497 978 559 sine

43 586 220 666 quiescat.
255 583 342 643 Dein
354 602 455 664 super
465 585 634 665 intricate,
657 592 713 670 qui
725 602 758 652 et
770 597 850 657 trita
867 610 976 680 erunt,

44 695 86 748 et
108 706 198 768 quae
220 685 324 748 soleta
348 684 399 765 ²⁵)
422 684 524 749 adice.
566 690 728 771 bitumen,
749 695 857 758 sulfur
879 705 996 786 nigro¹

45 798 84 851 et
106 791 157 852 ita
179 787 337 867 infunde,
359 787 415 851 sed
436 789 613 876 diligenter
634 814 755 878 coques
776 818 818 861 ne
838 803 977 884 ferveat,

49 891 113 955 sed
134 891 213 952 lene
234 893 305 975 igni
324 891 379 953 vel
401 892 601 958 carbonibus
622 897 794 964 calefecito
816 912 850 964 et
869 923 977 968 remo-

11 1056 18 1081 ,
47 995 109 1057 bes
131 995 179 1056 ab
198 985 276 1081 igne
297 1003 330 1057 et
351 993 462 1073 colas,
490 1015 529 1057 ac
550 1000 734 1065 resolutum
761 1007 856 1088 prius
883 1019 976 1074 aceto

50 1097 264 1165 admiscebis.
295 1093 372 1161 Hoc
383 1098 622 1164 medicamento
635 1110 818 1191 perunguit
828 1111 976 1190 jumenta
1075 1170 1078 1185 ,

51 1201 196 1264 alternis
218 1199 332 1264 diebus
352 1203 428 1285 plus
442 1205 493 1266 bis
514 1212 572 1267 aut
587 1216 717 1289 quater.
755 1211 806 1275 td
827 1218 975 1295 pituitas.

50 1303 226 1366 Aniscis²
233 1304 360 1383 ⁴.)une
371 1305 434 1370 111.
450 1306 620 1387 benetoris
636 1309 685 1387 ²⁶)
708 1311 884 1380 debiscum
895 1321 975 1383 vino

11 1470 13 1481 ¹
52 1408 239 1486 permixtos
254 1417 367 1488 cyatos
383 1407 444 1472 VI.
462 1406 503 1470 ad
519 1393 668 1478 comuni.
690 1415 740 1481 Ex
755 1437 820 1500 qua
834 1421 976 1487 mediea-

52 1519 168 1573 mento
177 1511 276 1570 etiam
288 1528 349 1591 per
361 1498 530 1574 sinistram
539 1534 655 1577 narem
667 1515 749 1583 dues
764 1519 936 1608 dragmas
925 1548 976 1591 ιιι-

51 1611 177 1674 tundis
201 1611 285 1673 item
295 1610 395 1675 atiud.
418 1612 585 1677 Stercorss
595 1620 794 1702 scrufim²⁶)
803 1626 976 1708 pulverem

52 1716 238 1776 contritum
248 1713 491 1798 diligenterque
507 1721 692 1785 cribratum
703 1725 851 1790 studiose
862 1750 974 1795 serva·

53 1817 118 1894 bis,
133 1826 174 1879 ut
189 1819 219 1877 si
241 1814 393 1898 quando
382 1827 532 1897 Jumento
547 1824 667 1903 pituita
679 1827 814 1892 molesta
830 1835 915 1912 erit,
933 1856 975 1898 ex

11 1910 210 1997 fleonfecto
220 1920 359 2000 pulvere
368 1922 531 1986 cumvino
539 1929 659 2006 veteri,
672 1940 832 2011 quantum
839 1936 975 2003 videtur

13 2040 152 2107 posse
174 2021 339 2101 sufficere,
361 2042 424 2105 per
441 2043 582 2091 cornum
598 2028 732 2112 deicias,
754 2044 787 2097 et
802 2040 974 2106 sanabitur

14 2136 15 2207 3
55 2127 178 2189 statim.
202 2124 239 2190 δι
249 2125 337 2208 quod
344 2129 713 2214 jumentumeujuslibet
721 2143 853 2221 generis
865 2155 973 2209 stran-
1035 2150 1038 2156 '

15 2228 16 2271 ³
53 2229 187 2314 gutiam
203 2214 340 2310 petitur,
354 2228 545 2296 desinistra
563 2238 974 2327 manieatunicaepedieu-
1087 2300 1089 2309 .

14 2338 22 2397 ἰ
55 2332 126 2395 lum
137 2333 265 2410 eximis,
285 2352 425 2414 eumque
435 2337 470 2395 in
482 2354 596 2397 aurem
609 2344 685 2420 equi
696 2346 866 2410 sinistram
881 2357 973 2416 coni-

14 2446 23 2507 t
59 2440 136 2514 cies,
152 2437 310 2499 continuo
324 2436 464 2503 sanabis.
474 2436 636 2503 Sedeum
645 2443 826 2532 tostam,
837 2452 973 2536 pedion

15 2539 129 2601 lum
145 2540 280 2601 omnino
291 2529 359 2609 ιιοιι
371 2540 531 2608 nomines
552 2543 590 2609 Si
605 2548 714 2630 quod
703 2565 888 2632 jumentum
898 2580 972 2625 mus

17 2660 196 2719 coecum
222 2640 272 2717 ²⁴)
294 2643 475 2723 morderit,
505 2656 636 2715 acetum
653 2670 769 2715 acrum
790 2657 880 2723 bene
894 2682 971 2726 eum

15 2768 22 2849 ι
57 2732 411 2826 orbitasshnfundito,
421 2757 537 2812 etcum
546 2750 670 2838 subigis
679 2763 712 2817 et
721 2773 856 2848 coecum
867 2763 969 2846 tollis,

63 2892 291 2911 m
