<?xml version="1.0" encoding="UTF-8"?>
<!DOCTYPE html PUBLIC "-//W3C//DTD XHTML 1.0 Transitional//EN"
    "http://www.w3.org/TR/xhtml1/DTD/xhtml1-transitional.dtd">
<html xmlns="http://www.w3.org/1999/xhtml" xml:lang="en" lang="en">
 <head>
  <title>
</title>
<meta http-equiv="Content-Type" content="text/html;charset=utf-8" />
  <meta name='ocr-system' content='tesseract 3.04.00' />
  <meta name='ocr-capabilities' content='ocr_page ocr_carea ocr_par ocr_line ocrx_word'/>
</head>
<body>
  <div class='ocr_page' id='page_1' title='image "./gargiliimarital00maigoog/gargiliimarital00maigoog_0027.png"; bbox 0 0 2374 3992; ppageno 0'>
   <div class='ocr_carea' id='block_1_1' title="bbox 485 266 783 393">
    <p class='ocr_par' dir='ltr' id='par_1_1' title="bbox 485 266 783 393">
     <span class='ocr_line' id='line_1_1' title="bbox 485 266 783 393; baseline 0.003 -1"><span class='ocrx_word' id='word_1_1' title='bbox 485 266 783 393; x_wconf 55' lang='lat' dir='ltr'><strong>*lo-r</strong></span> 
     </span>
    </p>
   </div>
   <div class='ocr_carea' id='block_1_2' title="bbox 123 516 1179 2397">
    <p class='ocr_par' dir='ltr' id='par_1_2' title="bbox 123 516 1179 2397">
     <span class='ocr_line' id='line_1_2' title="bbox 161 516 1084 608; baseline 0 -22"><span class='ocrx_word' id='word_1_2' title='bbox 161 526 306 604; x_wconf 75' lang='lat' dir='ltr'><strong>reiectat.</strong></span> <span class='ocrx_word' id='word_1_3' title='bbox 349 516 587 583; x_wconf 78' lang='lat' dir='ltr'><strong>(iol-nmella</strong></span> <span class='ocrx_word' id='word_1_4' title='bbox 595 561 607 600; x_wconf 90' lang='lat'>‚</span> <span class='ocrx_word' id='word_1_5' title='bbox 625 521 681 585; x_wconf 91' lang='lat' dir='ltr'><strong>cni</strong></span> <span class='ocrx_word' id='word_1_6' title='bbox 694 538 796 584; x_wconf 86' lang='lat' dir='ltr'><strong>curae</strong></span> <span class='ocrx_word' id='word_1_7' title='bbox 809 522 876 585; x_wconf 82' lang='lat' dir='ltr'><strong>tuit</strong></span> <span class='ocrx_word' id='word_1_8' title='bbox 889 520 1084 608; x_wconf 84' lang='lat' dir='ltr'><strong>diligentins</strong></span> 
     </span>
     <span class='ocr_line' id='line_1_3' title="bbox 164 635 1088 723; baseline 0.002 -23"><span class='ocrx_word' id='word_1_9' title='bbox 164 646 198 700; x_wconf 90' lang='lat' dir='ltr'><strong>et</strong></span> <span class='ocrx_word' id='word_1_10' title='bbox 212 635 258 697; x_wconf 76' lang='lat' dir='ltr'><strong>oc</strong></span> <span class='ocrx_word' id='word_1_11' title='bbox 279 644 433 700; x_wconf 87' lang='lat' dir='ltr'><strong>castanea</strong></span> <span class='ocrx_word' id='word_1_12' title='bbox 453 638 690 719; x_wconf 72' lang='lat' dir='ltr'><strong>conscribere,</strong></span> <span class='ocrx_word' id='word_1_13' title='bbox 722 641 823 702; x_wconf 89' lang='lat' dir='ltr'><strong>etiam</strong></span> <span class='ocrx_word' id='word_1_14' title='bbox 852 641 924 723; x_wconf 90' lang='lat' dir='ltr'><strong>ipse</strong></span> <span class='ocrx_word' id='word_1_15' title='bbox 951 638 1088 702; x_wconf 81' lang='lat' dir='ltr'><strong>indiffe-</strong></span> 
     </span>
     <span class='ocr_line' id='line_1_4' title="bbox 164 759 1087 840; baseline -0.003 -21"><span class='ocrx_word' id='word_1_16' title='bbox 164 765 296 837; x_wconf 87' lang='lat' dir='ltr'><strong>renter,</strong></span> <span class='ocrx_word' id='word_1_17' title='bbox 326 771 359 823; x_wconf 87' lang='lat' dir='ltr'><strong>et</strong></span> <span class='ocrx_word' id='word_1_18' title='bbox 378 762 473 824; x_wconf 86' lang='lat' dir='ltr'><strong>varis</strong></span> <span class='ocrx_word' id='word_1_19' title='bbox 493 760 690 821; x_wconf 87' lang='lat' dir='ltr'><strong>sententiam</strong></span> <span class='ocrx_word' id='word_1_20' title='bbox 713 759 862 840; x_wconf 83' lang='lat' dir='ltr'><strong>promit;</strong></span> <span class='ocrx_word' id='word_1_21' title='bbox 882 759 1087 822; x_wconf 70' lang='lat' dir='ltr'><strong>flnxs&#39;enim</strong></span> 
     </span>
     <span class='ocr_line' id='line_1_5' title="bbox 164 871 1090 956; baseline 0.002 -24"><span class='ocrx_word' id='word_1_22' title='bbox 164 871 214 934; x_wconf 91' lang='lat' dir='ltr'><strong>ita</strong></span> <span class='ocrx_word' id='word_1_23' title='bbox 234 875 361 941; x_wconf 80' lang='lat' dir='ltr'><strong>scribit.</strong></span> <span class='ocrx_word' id='word_1_24' title='bbox 403 874 568 939; x_wconf 80' lang='lat' dir='ltr'><strong>Adfirmat</strong></span> <span class='ocrx_word' id='word_1_25' title='bbox 587 895 609 938; x_wconf 89' lang='lat' dir='ltr'><strong>a</strong></span> <span class='ocrx_word' id='word_1_26' title='bbox 628 876 805 939; x_wconf 75' lang='lat' dir='ltr'>novembri</span> <span class='ocrx_word' id='word_1_27' title='bbox 821 894 933 951; x_wconf 80' lang='lat' dir='ltr'><strong>mense</strong></span> <span class='ocrx_word' id='word_1_28' title='bbox 954 892 1016 956; x_wconf 85' lang='lat' dir='ltr'><strong>per</strong></span> <span class='ocrx_word' id='word_1_29' title='bbox 1036 881 1090 935; x_wconf 88' lang='lat' dir='ltr'><strong>to-</strong></span> 
     </span>
     <span class='ocr_line' id='line_1_6' title="bbox 165 994 1100 1077; baseline 0 -24"><span class='ocrx_word' id='word_1_30' title='bbox 165 999 235 1054; x_wconf 88' lang='lat' dir='ltr'><strong>tam</strong></span> <span class='ocrx_word' id='word_1_31' title='bbox 256 995 396 1056; x_wconf 80' lang='lat' dir='ltr'><strong>hiemem</strong></span> <span class='ocrx_word' id='word_1_32' title='bbox 416 995 484 1056; x_wconf 89' lang='lat' dir='ltr'><strong>seri</strong></span> <span class='ocrx_word' id='word_1_33' title='bbox 503 1013 616 1077; x_wconf 74' lang='lat' dir='ltr'><strong>posses</strong></span> <span class='ocrx_word' id='word_1_34' title='bbox 644 999 783 1060; x_wconf 87' lang='lat' dir='ltr'><strong>nunciat</strong></span> <span class='ocrx_word' id='word_1_35' title='bbox 802 997 871 1062; x_wconf 86' lang='lat' dir='ltr'><strong>kal.</strong></span> <span class='ocrx_word' id='word_1_36' title='bbox 891 997 1030 1058; x_wconf 89' lang='lat' dir='ltr'><strong>martias</strong></span> <span class='ocrx_word' id='word_1_37' title='bbox 1051 994 1100 1065; x_wconf 69' lang='lat' dir='ltr'><strong>inf</strong></span> 
     </span>
     <span class='ocr_line' id='line_1_7' title="bbox 146 1108 1093 1197; baseline 0.001 -25"><span class='ocrx_word' id='word_1_38' title='bbox 146 1109 241 1172; x_wconf 65' lang='lat' dir='ltr'><strong>»idus</strong></span> <span class='ocrx_word' id='word_1_39' title='bbox 269 1108 418 1190; x_wconf 88' lang='lat' dir='ltr'><strong>easdem,</strong></span> <span class='ocrx_word' id='word_1_40' title='bbox 448 1131 490 1175; x_wconf 87' lang='lat' dir='ltr'><strong>ne</strong></span> <span class='ocrx_word' id='word_1_41' title='bbox 519 1112 600 1197; x_wconf 82' lang='lat' dir='ltr'><strong>qnid</strong></span> <span class='ocrx_word' id='word_1_42' title='bbox 626 1115 778 1194; x_wconf 83' lang='lat' dir='ltr'><strong>intersit3</strong></span> <span class='ocrx_word' id='word_1_43' title='bbox 809 1124 842 1178; x_wconf 89' lang='lat' dir='ltr'><strong>et</strong></span> <span class='ocrx_word' id='word_1_44' title='bbox 869 1112 1018 1196; x_wconf 63' lang='lat' dir='ltr'><strong>plantam</strong></span> <span class='ocrx_word' id='word_1_45' title='bbox 1050 1116 1093 1173; x_wconf 90' lang='lat' dir='ltr'><strong>ut</strong></span> 
     </span>
     <span class='ocr_line' id='line_1_8' title="bbox 170 1226 1156 1314; baseline 0 -26"><span class='ocrx_word' id='word_1_46' title='bbox 170 1226 369 1311; x_wconf 83' lang='lat' dir='ltr'><strong>quandoque</strong></span> <span class='ocrx_word' id='word_1_47' title='bbox 391 1250 474 1312; x_wconf 87' lang='lat' dir='ltr'><strong>quae</strong></span> <span class='ocrx_word' id='word_1_48' title='bbox 495 1233 568 1293; x_wconf 83' lang='lat' dir='ltr'><strong>sine</strong></span> <span class='ocrx_word' id='word_1_49' title='bbox 587 1233 685 1314; x_wconf 83' lang='lat' dir='ltr'><strong>culpa</strong></span> <span class='ocrx_word' id='word_1_50' title='bbox 707 1233 979 1311; x_wconf 85' lang='lat' dir='ltr'><strong>manns&#39;veniat,</strong></span> <span class='ocrx_word' id='word_1_51' title='bbox 1001 1229 1094 1290; x_wconf 89' lang='lat' dir='ltr'><strong>scire</strong></span> <span class='ocrx_word' id='word_1_52' title='bbox 1155 1234 1156 1241; x_wconf 76' lang='grc'>’</span> 
     </span>
     <span class='ocr_line' id='line_1_9' title="bbox 168 1321 1157 1431; baseline -0.001 -28"><span class='ocrx_word' id='word_1_53' title='bbox 168 1345 341 1431; x_wconf 81' lang='lat' dir='ltr'><strong>possimus.</strong></span> <span class='ocrx_word' id='word_1_54' title='bbox 384 1346 491 1407; x_wconf 90' lang='lat' dir='ltr'><strong>Etiam</strong></span> <span class='ocrx_word' id='word_1_55' title='bbox 513 1347 568 1411; x_wconf 88' lang='lat' dir='ltr'><strong>Ga</strong></span> <span class='ocrx_word' id='word_1_56' title='bbox 576 1350 644 1430; x_wconf 80' lang='lat' dir='ltr'><strong>jus</strong></span> <span class='ocrx_word' id='word_1_57' title='bbox 673 1348 861 1426; x_wconf 81' lang='lat' dir='ltr'>Plinius,</span> <span class='ocrx_word' id='word_1_58' title='bbox 889 1361 1096 1427; x_wconf 75' lang='lat' dir='ltr'><strong>quamquam,</strong></span> <span class='ocrx_word' id='word_1_59' title='bbox 1156 1321 1157 1326; x_wconf 8' lang='grc' dir='ltr'>ἵ</span> 
     </span>
     <span class='ocr_line' id='line_1_10' title="bbox 168 1460 1096 1563; baseline 0.008 -46"><span class='ocrx_word' id='word_1_60' title='bbox 168 1460 239 1540; x_wconf 86' lang='lat' dir='ltr'><strong>ipse</strong></span> <span class='ocrx_word' id='word_1_61' title='bbox 260 1461 422 1525; x_wconf 87' lang='lat' dir='ltr'><strong>sationem</strong></span> <span class='ocrx_word' id='word_1_62' title='bbox 451 1464 610 1533; x_wconf 86' lang='lat' dir='ltr'><strong>caeduam</strong></span> <span class='ocrx_word' id='word_1_63' title='bbox 631 1466 857 1543; x_wconf 86' lang='lat' dir='ltr'><strong>adsentiatur,</strong></span> <span class='ocrx_word' id='word_1_64' title='bbox 884 1463 1020 1563; x_wconf 85' lang='lat' dir='ltr'><strong>hiemali</strong></span> <span class='ocrx_word' id='word_1_65' title='bbox 1041 1472 1096 1524; x_wconf 81' lang='lat' dir='ltr'><strong>ta-</strong></span> 
     </span>
     <span class='ocr_line' id='line_1_11' title="bbox 123 1572 1094 1662; baseline 0.007 -24"><span class='ocrx_word' id='word_1_66' title='bbox 123 1572 127 1585; x_wconf 89' lang='lat'>&#39;</span> <span class='ocrx_word' id='word_1_67' title='bbox 168 1596 245 1639; x_wconf 89' lang='lat' dir='ltr'><strong>men</strong></span> <span class='ocrx_word' id='word_1_68' title='bbox 266 1583 412 1662; x_wconf 87' lang='lat' dir='ltr'><strong>primum</strong></span> <span class='ocrx_word' id='word_1_69' title='bbox 432 1585 564 1653; x_wconf 75' lang='lat' dir='ltr'><strong>tribuit.</strong></span> <span class='ocrx_word' id='word_1_70' title='bbox 605 1585 752 1649; x_wconf 80' lang='lat' dir='ltr'>Julius</span> <span class='ocrx_word' id='word_1_71' title='bbox 775 1584 1007 1649; x_wconf 79' lang='lat' dir='ltr'><strong>Atticus-ex</strong></span> <span class='ocrx_word' id='word_1_72' title='bbox 1028 1602 1094 1645; x_wconf 92' lang='lat' dir='ltr'><strong>no-</strong></span> 
     </span>
     <span class='ocr_line' id='line_1_12' title="bbox 169 1699 1177 1795; baseline 0.006 -34"><span class='ocrx_word' id='word_1_73' title='bbox 169 1699 302 1763; x_wconf 83' lang='lat' dir='ltr'><strong>vembri</strong></span> <span class='ocrx_word' id='word_1_74' title='bbox 322 1701 358 1763; x_wconf 92' lang='lat' dir='ltr'><strong>in</strong></span> <span class='ocrx_word' id='word_1_75' title='bbox 379 1704 586 1771; x_wconf 83' lang='lat' dir='ltr'><strong>februarium</strong></span> <span class='ocrx_word' id='word_1_76' title='bbox 605 1728 752 1772; x_wconf 89' lang='lat' dir='ltr'><strong>mensem</strong></span> <span class='ocrx_word' id='word_1_77' title='bbox 768 1726 882 1773; x_wconf 90' lang='lat' dir='ltr'><strong>serere</strong></span> <span class='ocrx_word' id='word_1_78' title='bbox 893 1705 1095 1769; x_wconf 84' lang='lat' dir='ltr'><strong>indecrevit.</strong></span> <span class='ocrx_word' id='word_1_79' title='bbox 1176 1778 1177 1795; x_wconf 12' lang='grc' dir='ltr'>χ</span> 
     </span>
     <span class='ocr_line' id='line_1_13' title="bbox 172 1810 1098 1911; baseline 0.004 -28"><span class='ocrx_word' id='word_1_80' title='bbox 172 1819 359 1888; x_wconf 79' lang='lat' dir='ltr'><strong>Curtius</strong></span> <span class='ocrx_word' id='word_1_81' title='bbox 389 1826 411 1889; x_wconf 91' lang='lat' dir='ltr'><strong>J</strong></span> <span class='ocrx_word' id='word_1_82' title='bbox 418 1810 545 1892; x_wconf 83' lang='lat' dir='ltr'><strong>ustus</strong></span> <span class='ocrx_word' id='word_1_83' title='bbox 572 1832 735 1911; x_wconf 85' lang='lat' dir='ltr'><strong>sationem</strong></span> <span class='ocrx_word' id='word_1_84' title='bbox 755 1831 851 1893; x_wconf 87' lang='lat' dir='ltr'><strong>nucis</strong></span> <span class='ocrx_word' id='word_1_85' title='bbox 872 1830 1015 1910; x_wconf 84' lang='lat' dir='ltr'><strong>primam</strong></span> <span class='ocrx_word' id='word_1_86' title='bbox 1038 1822 1098 1887; x_wconf 78' lang='lat' dir='ltr'><strong>de·</strong></span> 
     </span>
     <span class='ocr_line' id='line_1_14' title="bbox 171 1943 1179 2034; baseline -0.002 -29"><span class='ocrx_word' id='word_1_87' title='bbox 171 1945 319 2023; x_wconf 88' lang='lat' dir='ltr'><strong>cembri,</strong></span> <span class='ocrx_word' id='word_1_88' title='bbox 347 1946 525 2009; x_wconf 88' lang='lat' dir='ltr'><strong>secundam</strong></span> <span class='ocrx_word' id='word_1_89' title='bbox 551 1948 723 2011; x_wconf 84' lang='lat' dir='ltr'><strong>februario</strong></span> <span class='ocrx_word' id='word_1_90' title='bbox 760 1946 923 2034; x_wconf 78' lang='lat' dir='ltr'><strong>adsignat.</strong></span> <span class='ocrx_word' id='word_1_91' title='bbox 969 1944 991 2007; x_wconf 85' lang='lat' dir='ltr'><strong>J</strong></span> <span class='ocrx_word' id='word_1_92' title='bbox 998 1943 1097 2006; x_wconf 85' lang='lat' dir='ltr'><strong>ulio</strong></span> <span class='ocrx_word' id='word_1_93' title='bbox 1178 1980 1179 1983; x_wconf 59' lang='lat'><em>=</em></span> 
     </span>
     <span class='ocr_line' id='line_1_15' title="bbox 173 2059 1098 2150; baseline 0.004 -30"><span class='ocrx_word' id='word_1_94' title='bbox 173 2059 403 2144; x_wconf 85' lang='lat' dir='ltr'><strong>Frontico,</strong></span> <span class='ocrx_word' id='word_1_95' title='bbox 425 2085 501 2127; x_wconf 90' lang='lat' dir='ltr'><strong>cum</strong></span> <span class='ocrx_word' id='word_1_96' title='bbox 522 2076 556 2129; x_wconf 91' lang='lat' dir='ltr'><strong>et</strong></span> <span class='ocrx_word' id='word_1_97' title='bbox 576 2065 681 2129; x_wconf 86' lang='lat' dir='ltr'><strong>solide</strong></span> <span class='ocrx_word' id='word_1_98' title='bbox 702 2064 881 2150; x_wconf 88' lang='lat' dir='ltr'><strong>degenere</strong></span> <span class='ocrx_word' id='word_1_99' title='bbox 901 2073 935 2127; x_wconf 92' lang='lat' dir='ltr'><strong>et</strong></span> <span class='ocrx_word' id='word_1_100' title='bbox 954 2063 1020 2125; x_wconf 91' lang='lat' dir='ltr'><strong>alia</strong></span> <span class='ocrx_word' id='word_1_101' title='bbox 1041 2081 1098 2125; x_wconf 60' lang='lat' dir='ltr'><strong>raa</strong></span> 
     </span>
     <span class='ocr_line' id='line_1_16' title="bbox 175 2175 1099 2265; baseline 0.008 -28"><span class='ocrx_word' id='word_1_102' title='bbox 175 2175 269 2237; x_wconf 86' lang='lat' dir='ltr'><strong>tione</strong></span> <span class='ocrx_word' id='word_1_103' title='bbox 290 2180 443 2265; x_wconf 84' lang='lat' dir='ltr'><strong>culturae</strong></span> <span class='ocrx_word' id='word_1_104' title='bbox 463 2183 628 2265; x_wconf 79' lang='lat' dir='ltr'><strong>nonnulla</strong></span> <span class='ocrx_word' id='word_1_105' title='bbox 647 2192 832 2261; x_wconf 81' lang='lat' dir='ltr'><strong>tractaret,</strong></span> <span class='ocrx_word' id='word_1_106' title='bbox 853 2198 920 2243; x_wconf 90' lang='lat' dir='ltr'><strong>non</strong></span> <span class='ocrx_word' id='word_1_107' title='bbox 942 2182 1007 2245; x_wconf 84' lang='lat' dir='ltr'><strong>fuit</strong></span> <span class='ocrx_word' id='word_1_108' title='bbox 1026 2181 1099 2244; x_wconf 85' lang='lat' dir='ltr'><strong>cnl-</strong></span> 
     </span>
     <span class='ocr_line' id='line_1_17' title="bbox 176 2301 1097 2397; baseline 0.021 -42"><span class='ocrx_word' id='word_1_109' title='bbox 176 2303 274 2359; x_wconf 87' lang='lat' dir='ltr'><strong>turae</strong></span> <span class='ocrx_word' id='word_1_110' title='bbox 295 2301 361 2363; x_wconf 85' lang='lat' dir='ltr'><strong>alia</strong></span> <span class='ocrx_word' id='word_1_111' title='bbox 387 2316 523 2385; x_wconf 86' lang='lat' dir='ltr'><strong>norma,</strong></span> <span class='ocrx_word' id='word_1_112' title='bbox 553 2305 685 2391; x_wconf 76' lang='lat' dir='ltr'><strong>qnando</strong></span> <span class='ocrx_word' id='word_1_113' title='bbox 716 2308 899 2371; x_wconf 79' lang='lat' dir='ltr'><strong>rectissime</strong></span> <span class='ocrx_word' id='word_1_114' title='bbox 927 2318 1097 2397; x_wconf 81' lang='lat' dir='ltr'><strong>castaneas</strong></span> 
     </span>
    </p>
   </div>
   <div class='ocr_carea' id='block_1_3' title="bbox 91 2425 1101 2633">
    <p class='ocr_par' dir='ltr' id='par_1_3' title="bbox 91 2425 1101 2633">
     <span class='ocr_line' id='line_1_18' title="bbox 179 2425 1101 2507; baseline 0.021 -30"><span class='ocrx_word' id='word_1_115' title='bbox 179 2431 385 2488; x_wconf 86' lang='lat' dir='ltr'><strong>sererentur.</strong></span> <span class='ocrx_word' id='word_1_116' title='bbox 435 2425 692 2507; x_wconf 77' lang='lat' dir='ltr'><strong>Quintilliis</strong></span> <span class='ocrx_word' id='word_1_117' title='bbox 714 2431 749 2493; x_wconf 88' lang='lat' dir='ltr'><strong>in</strong></span> <span class='ocrx_word' id='word_1_118' title='bbox 771 2428 901 2492; x_wconf 86' lang='lat' dir='ltr'><strong>satione</strong></span> <span class='ocrx_word' id='word_1_119' title='bbox 926 2439 1101 2495; x_wconf 80' lang='lat' dir='ltr'><strong>castaneae</strong></span> 
     </span>
     <span class='ocr_line' id='line_1_19' title="bbox 91 2534 881 2633; baseline 0.018 -33"><span class='ocrx_word' id='word_1_120' title='bbox 91 2629 94 2633; x_wconf 85' lang='lat'><strong>.</strong></span> <span class='ocrx_word' id='word_1_121' title='bbox 180 2534 398 2622; x_wconf 77' lang='lat' dir='ltr'><strong>vergiliarum</strong></span> <span class='ocrx_word' id='word_1_122' title='bbox 419 2558 487 2603; x_wconf 89' lang='lat' dir='ltr'><strong>non</strong></span> <span class='ocrx_word' id='word_1_123' title='bbox 509 2543 711 2609; x_wconf 85' lang='lat' dir='ltr'><strong>omittendus</strong></span> <span class='ocrx_word' id='word_1_124' title='bbox 733 2562 881 2613; x_wconf 73' lang='lat' dir='ltr'><strong>occasus.</strong></span> 
     </span>
    </p>
   </div>
   <div class='ocr_carea' id='block_1_4' title="bbox 176 2729 1107 3435">
    <p class='ocr_par' dir='ltr' id='par_1_4' title="bbox 176 2729 1107 3435">
     <span class='ocr_line' id='line_1_20' title="bbox 176 2729 1100 2829; baseline 0 -21"><span class='ocrx_word' id='word_1_125' title='bbox 176 2729 183 2736; x_wconf 54' lang='grc'><em>’</em></span> <span class='ocrx_word' id='word_1_126' title='bbox 263 2743 309 2808; x_wconf 91' lang='lat'><strong>11.</strong></span> <span class='ocrx_word' id='word_1_127' title='bbox 332 2743 453 2809; x_wconf 85' lang='lat' dir='ltr'><strong>Sedet</strong></span> <span class='ocrx_word' id='word_1_128' title='bbox 474 2743 670 2829; x_wconf 84' lang='lat' dir='ltr'><strong>quibusdam</strong></span> <span class='ocrx_word' id='word_1_129' title='bbox 681 2742 817 2810; x_wconf 88' lang='lat' dir='ltr'><strong>Graecis</strong></span> <span class='ocrx_word' id='word_1_130' title='bbox 836 2742 943 2825; x_wconf 86' lang='lat' dir='ltr'><strong>piacet</strong></span> <span class='ocrx_word' id='word_1_131' title='bbox 964 2744 1004 2806; x_wconf 87' lang='lat' dir='ltr'><strong>ab</strong></span> <span class='ocrx_word' id='word_1_132' title='bbox 1026 2763 1100 2808; x_wconf 69' lang='lat' dir='ltr'><strong>are</strong></span> 
     </span>
     <span class='ocr_line' id='line_1_21' title="bbox 180 2862 1100 2929; baseline 0 -5"><span class='ocrx_word' id='word_1_133' title='bbox 180 2862 253 2925; x_wconf 90' lang='lat' dir='ltr'><strong>turi</strong></span> <span class='ocrx_word' id='word_1_134' title='bbox 282 2875 403 2927; x_wconf 84' lang='lat' dir='ltr'><strong>exortu</strong></span> <span class='ocrx_word' id='word_1_135' title='bbox 434 2884 546 2928; x_wconf 86' lang='lat' dir='ltr'><strong>serere</strong></span> <span class='ocrx_word' id='word_1_136' title='bbox 580 2874 776 2929; x_wconf 87' lang='lat' dir='ltr'><strong>castaneam.</strong></span> <span class='ocrx_word' id='word_1_137' title='bbox 841 2862 916 2928; x_wconf 87' lang='lat' dir='ltr'><strong>Nec</strong></span> <span class='ocrx_word' id='word_1_138' title='bbox 940 2865 1100 2926; x_wconf 88' lang='lat' dir='ltr'><strong>inmerito</strong></span> 
     </span>
     <span class='ocr_line' id='line_1_22' title="bbox 183 2982 1103 3070; baseline -0.002 -26"><span class='ocrx_word' id='word_1_139' title='bbox 183 2992 336 3046; x_wconf 82' lang='lat' dir='ltr'><strong>naturam</strong></span> <span class='ocrx_word' id='word_1_140' title='bbox 357 2988 482 3064; x_wconf 84' lang='lat' dir='ltr'><strong>secuti,</strong></span> <span class='ocrx_word' id='word_1_141' title='bbox 512 2986 774 3070; x_wconf 88' lang='lat' dir='ltr'><strong>quibuscumque</strong></span> <span class='ocrx_word' id='word_1_142' title='bbox 798 2995 928 3066; x_wconf 86' lang='lat' dir='ltr'><strong>tempus</strong></span> <span class='ocrx_word' id='word_1_143' title='bbox 948 2983 1011 3045; x_wconf 86' lang='lat' dir='ltr'><strong>hoc</strong></span> <span class='ocrx_word' id='word_1_144' title='bbox 1031 2982 1103 3064; x_wconf 84' lang='lat' dir='ltr'><strong>pla-</strong></span> 
     </span>
     <span class='ocr_line' id='line_1_23' title="bbox 184 3100 1092 3184; baseline -0.002 -20"><span class='ocrx_word' id='word_1_145' title='bbox 184 3100 264 3167; x_wconf 84' lang='lat' dir='ltr'><strong>cuit.</strong></span> <span class='ocrx_word' id='word_1_146' title='bbox 308 3103 405 3167; x_wconf 87' lang='lat' dir='ltr'><strong>Tnnc</strong></span> <span class='ocrx_word' id='word_1_147' title='bbox 431 3106 519 3166; x_wconf 86' lang='lat' dir='ltr'><strong>enim</strong></span> <span class='ocrx_word' id='word_1_148' title='bbox 541 3107 699 3184; x_wconf 60' lang='lat' dir='ltr'><strong>seminisi,</strong></span> <span class='ocrx_word' id='word_1_149' title='bbox 729 3105 857 3184; x_wconf 87' lang='lat' dir='ltr'><strong>idest,</strong></span> <span class='ocrx_word' id='word_1_150' title='bbox 890 3123 972 3180; x_wconf 87' lang='lat' dir='ltr'><strong>nus,</strong></span> <span class='ocrx_word' id='word_1_151' title='bbox 998 3102 1092 3183; x_wconf 85' lang='lat' dir='ltr'><strong>justa</strong></span> 
     </span>
     <span class='ocr_line' id='line_1_24' title="bbox 183 3222 1104 3309; baseline -0.005 -23"><span class='ocrx_word' id='word_1_152' title='bbox 183 3224 358 3288; x_wconf 88' lang='lat' dir='ltr'><strong>maturitas</strong></span> <span class='ocrx_word' id='word_1_153' title='bbox 385 3224 546 3304; x_wconf 86' lang='lat' dir='ltr'><strong>creditur,</strong></span> <span class='ocrx_word' id='word_1_154' title='bbox 568 3223 711 3309; x_wconf 56' lang='lat' dir='ltr'><strong>adeoffnt</strong></span> <span class='ocrx_word' id='word_1_155' title='bbox 730 3225 843 3287; x_wconf 82' lang='lat' dir='ltr'><strong>hiante</strong></span> <span class='ocrx_word' id='word_1_156' title='bbox 863 3229 1052 3307; x_wconf 85' lang='lat' dir='ltr'><strong>tegumento</strong></span> <span class='ocrx_word' id='word_1_157' title='bbox 1074 3222 1104 3282; x_wconf 87' lang='lat' dir='ltr'><strong>si</strong></span> 
     </span>
     <span class='ocr_line' id='line_1_25' title="bbox 182 3340 1107 3435; baseline -0.005 -22"><span class='ocrx_word' id='word_1_158' title='bbox 182 3345 294 3435; x_wconf 86' lang='lat' dir='ltr'><strong>legent</strong></span> <span class='ocrx_word' id='word_1_159' title='bbox 326 3358 396 3412; x_wconf 85' lang='lat' dir='ltr'><strong>turn</strong></span> <span class='ocrx_word' id='word_1_160' title='bbox 424 3368 540 3411; x_wconf 88' lang='lat' dir='ltr'><strong>manns</strong></span> <span class='ocrx_word' id='word_1_161' title='bbox 570 3345 692 3412; x_wconf 88' lang='lat' dir='ltr'><strong>condat</strong></span> <span class='ocrx_word' id='word_1_162' title='bbox 711 3347 747 3415; x_wconf 91' lang='lat' dir='ltr'><strong>in</strong></span> <span class='ocrx_word' id='word_1_163' title='bbox 767 3354 877 3428; x_wconf 83' lang='lat' dir='ltr'><strong>terra,</strong></span> <span class='ocrx_word' id='word_1_164' title='bbox 905 3354 944 3411; x_wconf 87' lang='lat' dir='ltr'><strong>nt</strong></span> <span class='ocrx_word' id='word_1_165' title='bbox 982 3340 1107 3409; x_wconf 78' lang='lat' dir='ltr'><strong>caduca</strong></span> 
     </span>
    </p>
   </div>
   <div class='ocr_carea' id='block_1_5' title="bbox 0 0 1220 3992">
    <p class='ocr_par' dir='ltr' id='par_1_5' title="bbox 0 0 1220 3992">
     <span class='ocr_line' id='line_1_26' title="bbox 0 0 1220 3992; baseline 0 0"><span class='ocrx_word' id='word_1_166' title='bbox 0 0 1220 3992; x_wconf 95' lang='lat' dir='ltr'><strong> </strong></span> 
     </span>
    </p>
   </div>
  </div>
 </body>
</html>
