2374 3992
433 325 682 401 ..15-

86 520 249 607 fraglanti
281 521 342 585 soli
375 520 544 610 adsignat,
574 546 678 621 quum
705 532 857 601 crebrius
882 548 1017 604 exustae

85 641 221 707 dulcior
242 663 340 708 aucus
361 645 548 739 hauriatur.
592 647 688 749 Illico
709 665 845 733 praesto
863 658 1010 745 ridetur,
1053 682 1056 689 ¹

82 781 124 824 ex
146 782 262 828 moran
282 785 442 848 pecorum
458 770 570 841 omnia
591 770 672 836 haec
691 775 807 840 arbori
828 783 1008 847 amaritcsa

82 887 298 970 contingere,
335 908 411 953 cum
445 888 619 970 inopinata
645 896 681 955 in
709 896 874 962 medullas
904 903 1010 968 saliva

79 1002 283 1068 consederit.
326 1002 365 1068 Si
385 1007 551 1073 viridibus
572 1014 704 1081 auferas
720 1017 887 1096 tenuiora,
909 1035 1010 1100 quae-
1077 1018 1081 1028 “

81 1140 169 1203 quae
189 1122 349 1204 liqueris,
371 1127 512 1193 meliora
533 1140 621 1197 suut.

162 1275 259 1343 v111.
277 1279 320 1367 ¹A.
343 1280 407 1345 kal.
434 1284 562 1365 aprilis,
583 1295 622 1348 ut
643 1298 740 1370 putat
760 1289 932 1372 Celsus,
954 1295 1005 1355 iu·

77 1402 210 1482 cipiunt
239 1421 309 1465 esse
340 1412 490 1471 maturat
523 1423 562 1467 ac
594 1407 622 1467 si
655 1406 864 1473 adservanda
900 1411 1002 1497 deligi

76 1517 220 1600 placeat,
241 1521 372 1604 aignnm
394 1522 598 1586 maturitatis
621 1523 811 1605 ostendunt,
834 1546 910 1589 cnm
931 1547 1006 1590 cor-

75 1640 178 1700 ticem
198 1638 412 1697 remiserunt.
456 1635 562 1713 Sunt,
584 1640 705 1719 quibus
726 1649 842 1704 cortex
864 1641 1003 1705 difficul-

73 1768 128 1825 ter
155 1754 333 1841 abscedat,
363 1754 421 1816 sed
452 1756 481 1815 si
510 1754 614 1833 paleis
643 1757 858 1834 obruuntur,
889 1761 1001 1822 calore

4 1882 6 1897 '
73 1858 178 1939 solari
203 1871 295 1934 illico
327 1872 493 1935 resolves:
528 1882 600 1936 tum
631 1875 725 1938 corio
755 1875 936 1957 liberatae,
970 1878 999 1941 si

74 1984 256 2101 qpir‘aqua
275 1997 516 2081 marinalavet
536 1996 554 2037 *
575 1997 629 2039 *⁴¹
748 2022 754 2029 ·

247 2185 400 2289 Caput
426 2189 492 2267 lv.
545 2190 604 2269 De
631 2191 829 2266 castaneis.

153 2364 182 2431 1.
203 2364 284 2408 ***
305 2368 491 2448 corripiat,
525 2367 638 2448 quales
666 2367 742 2430 illae
769 2370 926 2445 inerunt,
954 2366 996 2429 de

72 2484 193 2569 quihus
204 2496 318 2568 pastor
336 2489 384 2548 ita
400 2487 585 2568 praecinit:
607 2505 705 2567 „mea
717 2506 799 2569 ques
810 2484 991 2568 Amaryllis

69 2607 235 2675 amabat“.
283 2610 409 2695 Mago
437 2611 609 2688 breviter,
641 2618 680 2672 ut
706 2629 853 2693 poenus,
881 2617 917 2672 et
937 2610 992 2671 cui

68 2729 268 2813 peregrinae
287 2727 451 2808 ejusmodi
468 2730 601 2792 arboris
624 2730 734 2789 minus
755 2738 836 2795 nota
857 2726 989 2791 cultura

67 2855 131 2917 sit:
155 2860 366 2932 „castaneam
386 2854 422 2912 in
443 2851 570 2929 umido,
591 2852 678 2913 sicut
696 2862 849 2934 praecem
871 2866 990 2913 nucem

68 2974 209 3039 serito“.
259 2971 512 3038 Cornelium
534 2984 643 3035 tamen
673 2972 836 3037 Celsum
857 2971 989 3037 italicae

32 3108 34 3111 ·
69 3093 264 3175 disciplinae
291 3092 529 3172 peritissimum
551 3091 662 3154 decuit
683 3093 890 3171 aliquatenus
912 3086 990 3149 edo-

71 3232 163 3289 cere,
197 3212 359 3295 quidquid
385 3211 581 3298 Magonis
603 3217 826 3299 ignorantiam
848 3215 989 3298 iugarat.

72 3331 138 3395 Sed
160 3340 193 3391 et
214 3334 282 3411 ipse
300 3342 467 3396 castaneas
485 3333 671 3419 amygdalo,
694 3350 810 3393 eorum
830 3328 1000 3429 exemplo,
