2374 3992
333 396 384 427 ...-
434 360 584 443 21..

9 589 109 636 trum
130 578 163 633 et
184 573 380 635 necessitate
400 590 589 650 causarum,
611 568 795 635 ordinanda
815 578 917 637 etiarn

9 704 71 758 rut
92 681 241 757 subsidia
262 694 476 759 medelarum.
518 680 662 756 Austere
681 703 715 757 et
735 692 835 757 ecida'
849 707 917 759 sto-

9 802 122 878 nacho¹
136 817 359 894 conveniunt,
382 816 473 876 sitim
494 823 649 877 movent:
672 811 783 877 dulcia
805 816 932 875 omniun

9 938 178 1001 ontrario.
225 933 314 999 Anto
340 937 451 999 cibu'm
476 945 608 1019 sumpts
635 946 788 1000 ventrem
816 940 918 1000 strin-

9 1067 97 1136 unt3
119 1067 198 1141 post
218 1058 329 1122 cibum
349 1067 502 1123 ventrem
524 1058 708 1125 resolvunt.

78 1255 114 1316 4.
136 1251 285 1334 Cydonis
306 1248 443 1334 plurimi
463 1252 674 1316 eustomecha
699 1221 924 1323 vocaverunt,

9 1373 154 1453 ltyptica
173 1375 307 1435 urinam
336 1377 551 1457 conprimunt
576 1377 723 1460 propter:
743 1362 928 1457 austeriter)
985 1380 987 1384 ’

9 1510 78 1552 em.
121 1472 234 1554 Grusls
255 1494 460 1573 austeriora,
491 1503 584 1557 cocta
605 1506 713 1581 orata.
755 1499 873 1564 Cruda*
888 1509 922 1564 st

9 1619 132 1691 nature
145 1610 310 1687 coeliacis,
325 1610 552 1690 dysentericis,
568 1596 922 1701 sanguinem⁸reiciem

9 1735 89 1798 ibus
110 1740 264 1815 prosunt.
314 1730 415 1793 Cocta
435 1733 471 1791 in
498 1733 611 1794 cinere
631 1736 790 1796 obvoluta
810 1740 921 1804 farine
944 1772 946 1775 v

9 1859 126 1937 lentur
146 1859 182 1918 in
204 1853 352 1916 febribus
366 1850 605 1915 laborantibus.
649 1852 757 1916 Incisa
771 1869 864 1921 cocto
884 1863 930 1923 in*
1006 1922 1010 1931 ,

9 1995 100 2058 tque,
123 1972 200 2036 dato
221 1969 391 2033 stomacho
413 1968 612 2033 dolentibus.
653 1971 780 2033 Vinum
802 1984 932 2039 eo'rum'

9 2089 240 2173 lysentericis,
262 2086 432 2165 coeliacis,
454 2086 707 2165 nauseantibus,
728 2092 921 2174 sanguinem
1009 2082 1015 2095 ’

9 2209 198 2294 spuentibus
225 2211 320 2289 potui
350 2207 438 2272 dato.
492 2207 591 2270 Cocta
618 2210 653 2268 in
681 2210 809 2292 mulso,
839 2219 921 2281 trita

9 2326 172 2393 stomacho
193 2327 336 2411 inposito
357 2327 558 2391 defectiones
579 2328 713 2392 tollunt.

82 2536 115 2603 5.
138 2535 349 2600 Persicorum
370 2539 463 2601 cibus
483 2536 650 2601 stomacho
671 2540 810 2622 inutilis,
832 2545 921 2630 quod

9 2654 73 2715 cito
94 2671 194 2714 sucus
224 2652 294 2734 ejus
315 2656 457 2733 sciscat,
487 2663 520 2717 et
540 2674 619 2715 caro
642 2657 711 2735 ejus
727 2656 920 2742 indigestio-

9 2784 80 2835 n'em
101 2776 211 2838 faciat.
256 2772 381 2834 Tamen
403 2783 478 2855 post
498 2774 608 2836 cibum
629 2774 757 2835 utiliter
778 2772 919 2837 dantur:

9 2915 66 2959 uec
87 2915 155 2956 nou
178 2903 210 2957 et
240 2894 326 2956 cocti
347 2894 381 2952 in
409 2894 484 2972 jure
505 2913 580 2955 cum
608 2891 699 2973 pullo
727 2884 933 2975 gallinarum·

9 3029 161 3074 nauseam
189 3012 408 3093 restringunt.
467 3008 558 3071 Folia
585 3010 818 3071 eoruurtrita
847 3029 922 3072 cum

9 3133 99 3223 calda
121 3141 237 3195 contra
258 3132 440 3195 lumbricos
462 3132 615 3194 similiter
636 3139 669 3194 et
688 3131 847 3196 umbilico
868 3135 922 3194 in-

9 3227 187 3353 ponuntur.
230 3250 264 3315 N
268 3253 379 3317 ucleos
390 3253 595 3334 persicorum
609 3272 683 3314 cum
697 3260 791 3313 aceto
807 3261 840 3314 et
849 3252 925 3313 oleo

14 3379 127 3463 capitis
149 3369 289 3467 dolentis
318 3375 423 3435 fronti
449 3362 592 3434 inlicito.
644 3371 777 3434 Gummi
806 3387 923 3435 coruus
